% Encoding: UTF-8

@article{Goodenough2013,
  author  = {Goodenough, J. B. and Park, K.-S.},
  title   = {The Li-Ion Rechargeable Battery: A Perspective},
  journal = {Journal of the American Chemical Society},
  year    = {2013},
  volume  = {135},
  number  = {4},
  pages   = {1167--1176},
  doi     = {10.1021/ja3091438},
  url     = {https://pubs.acs.org/doi/10.1021/ja3091438}
}

@article{VanNoorden2014,
  author  = {Van Noorden, Richard},
  title   = {The rechargeable revolution: A better battery},
  journal = {Nature},
  year    = {2014},
  volume  = {507},
  number  = {7490},
  pages   = {26--28},
  doi     = {10.1038/507026a},
  url     = {https://www.nature.com/articles/507026a},
  note    = {Request PDF: \url{https://www.researchgate.net/publication/260562281_The_rechargeable_revolution_A_better_battery}}
}

@article{Elgrishi2018,
  author  = {Elgrishi, Nicolas and Rountree, Katherine J. and McCarthy, Benjamin D. and Rountree, Emilia S. and Eisenhart, Timothy T. and Dempsey, Jillian L.},
  title   = {A Practical Beginner’s Guide to Cyclic Voltammetry},
  journal = {Journal of Chemical Education},
  year    = {2018},
  volume  = {95},
  number  = {2},
  pages   = {197--206},
  doi     = {10.1021/acs.jchemed.7b00361},
  url     = {https://doi.org/10.1021/acs.jchemed.7b00361}
}

@article{Lazanas2023,
  author  = {Lazanas, A. Ch. and Prodromidis, M. I.},
  title   = {Electrochemical Impedance Spectroscopy—A Tutorial},
  journal = {ACS Measurement Science Au},
  year    = {2023},
  volume  = {3},
  pages   = {162--193},
  doi     = {10.1021/acsmeasuresciau.2c00070},
  url     = {https://doi.org/10.1021/acsmeasuresciau.2c00070}
}

@Comment{jabref-meta: databaseType:biblatex;}
